@BOOK{DUMMY:1,
    AUTHOR="John Doe",
    TITLE="A7 – Pozitronová emisní tomografie",
    YEAR="3.10.2017",
}